<record><leader>00000cas a22000007a 4500</leader><controlfield tag="001">14872337</controlfield><controlfield tag="008">861125d193519uualuwr ne      0    0eng d</controlfield><datafield ind1=" " ind2=" " tag="010"><subfield code="a">sn 86050444 </subfield></datafield><datafield ind1=" " ind2=" " tag="040"><subfield code="a">AAR</subfield><subfield code="b">eng</subfield><subfield code="c">AAR</subfield><subfield code="d">CPN</subfield><subfield code="d">OCLCQ</subfield></datafield><datafield ind1=" " ind2=" " tag="042"><subfield code="a">msc</subfield></datafield><datafield ind1="0" ind2="4" tag="245"><subfield code="a">The Dothan journal.</subfield></datafield><datafield ind1=" " ind2=" " tag="260"><subfield code="a">Dothan, Ala. :</subfield><subfield code="b">Henry P. Hall,</subfield><subfield code="c">1935-</subfield></datafield><datafield ind1=" " ind2=" " tag="300"><subfield code="a">v.</subfield></datafield><datafield ind1=" " ind2=" " tag="310"><subfield code="a">Weekly</subfield></datafield><datafield ind1="0" ind2=" " tag="362"><subfield code="a">Vol. 36, no. 28 (June 21, 1935)-</subfield></datafield><datafield ind1=" " ind2=" " tag="752"><subfield code="a">United States</subfield><subfield code="b">Alabama</subfield><subfield code="c">Houston</subfield><subfield code="d">Dothan.</subfield></datafield><datafield ind1="0" ind2="0" tag="780"><subfield code="t">Wiregrass journal</subfield><subfield code="w">(DLC)sn 86050443</subfield></datafield></record>